@article{CybenkoMCSS89,
    author = {Cybenko, G.},
    title = {Approximation by superpositions of a sigmoidal function},
    journal = {Math. Control Signals Syst.},
    volume = {2},
    number = {4},
    pages = {303--314},
    year = {1989}
}

@book{GoodfellowDL,
    author = {Goodfellow, Ian and Bengio, Yoshua and Courville, Aaron},
    title = {{D}eep Learning},
    publisher = {MIT Press},
    note = {\blueurl{https://www.deeplearningbook.org}},
    year = 2016,
    source = {actual paper}
}

@misc{He15,
    author = {He, Kayming and Zhang, Xiangyu and Ren, Shaoqing and Sun, Jian},
    title = {Deep residual learning for image recognition},
    month = dec,
    year = 2015,
    howpublished = {arXiv:1512.03385}
}

@article{HornikNN89,
    author = {Hornik, K. and Stinchcombe, M. and White, H.},
    title = {Multilayer feedforward networks are universal approximators},
    journal = {Neural Netw.},
    volume = {2},
    number = 5,
    pages = {359--366},
    year = {1989}
}

@techreport{RosenblattCornell57,
    author = {Rosenblatt, Frank},
    title = {The Perceptron--a perceiving and recognizing automaton},
    year = 1957,
    institution = {Cornell Aeronautical Laboratory},
    number = {85-460-1}
}
